<record><leader>00000cas a22000007a 4500</leader><controlfield tag="001">17470779</controlfield><controlfield tag="008">880212d19491951iaudn ne      0    0eng d</controlfield><datafield ind1=" " ind2=" " tag="010"><subfield code="a">sn 88059496 </subfield></datafield><datafield ind1=" " ind2=" " tag="040"><subfield code="a">INP</subfield><subfield code="b">eng</subfield><subfield code="c">INP</subfield><subfield code="d">NSD</subfield><subfield code="d">OCLCQ</subfield></datafield><datafield ind1=" " ind2=" " tag="042"><subfield code="a">msc</subfield></datafield><datafield ind1="0" ind2=" " tag="130"><subfield code="a">Charles City press and evening intelligencer (Charles City, Iowa : 1949)</subfield></datafield><datafield ind1="1" ind2="0" tag="245"><subfield code="a">Charles City press and evening intelligencer.</subfield></datafield><datafield ind1=" " ind2=" " tag="260"><subfield code="a">Charles City, Iowa :</subfield><subfield code="b">[s.n.],</subfield><subfield code="c">1949-1951.</subfield></datafield><datafield ind1=" " ind2=" " tag="300"><subfield code="a">4 v.</subfield></datafield><datafield ind1=" " ind2=" " tag="310"><subfield code="a">Daily (except Sunday)</subfield></datafield><datafield ind1="0" ind2=" " tag="362"><subfield code="a">Vol. 52, no. 288 (Mar. 4, 1949)-v. 55, no. 127 (Aug. 4, 1951).</subfield></datafield><datafield ind1=" " ind2=" " tag="752"><subfield code="a">United States</subfield><subfield code="b">Iowa</subfield><subfield code="c">Floyd</subfield><subfield code="d">Charles City.</subfield></datafield><datafield ind1="0" ind2="0" tag="780"><subfield code="t">Charles City press (Charles City, Iowa : 1940)</subfield><subfield code="w">(DLC)sn 88059495</subfield></datafield><datafield ind1="0" ind2="0" tag="785"><subfield code="t">Charles City press (Charles City, Iowa : 1951)</subfield><subfield code="x">1049-7242</subfield><subfield code="w">(DLC)sn 88059497</subfield></datafield></record>